@book{Butcher:2014:SCM:2621977,
 author = {Butcher, Paul},
 title = {Seven Concurrency Models in Seven Weeks: When Threads Unravel},
 year = {2014},
 isbn = {1937785653, 9781937785659},
 edition = {1st},
 publisher = {Pragmatic Bookshelf},
}
@book{tate2014seven,
  title={Seven More Languages in Seven Weeks: Languages that are Shaping the Future},
  author={Tate, B. and Dees, I. and Daoud, F. and Moffitt, J.},
  isbn={9781941222157},
  lccn={2015473679},
  series={Pragmatic programmers},
  url={https://books.google.de/books?id=lc-foAEACAAJ},
  year={2014},
  publisher={Pragmatic Bookshelf}
}
@book{Higginbotham:2015:CBT:2836843,
 author = {Higginbotham, Daniel},
 title = {Clojure for the Brave and True: Learn the Ultimate Language and Become a Better Programmer},
 year = {2015},
 isbn = {1593275919, 9781593275914},
 edition = {1st},
 publisher = {No Starch Press},
 address = {San Francisco, CA, USA},
} 
@book{elm-thesis,
  author = {Evan Czaplicki},
  title = {Elm: Concurrent FRP for Functional GUIs},
  year = {2012},
  url = {http://elm-lang.org/assets/papers/concurrent-frp.pdf}
}
